<record><leader>00000cas a22000007a 4500</leader><controlfield tag="001">39328049</controlfield><controlfield tag="008">980622d193u1952ncuwr ne      0    0eng d</controlfield><datafield ind1=" " ind2=" " tag="010"><subfield code="a">sn 98058824 </subfield></datafield><datafield ind1=" " ind2=" " tag="040"><subfield code="a">NVJ</subfield><subfield code="b">eng</subfield><subfield code="c">NVJ</subfield><subfield code="d">OCLCQ</subfield></datafield><datafield ind1=" " ind2=" " tag="042"><subfield code="a">msc</subfield></datafield><datafield ind1="0" ind2="0" tag="245"><subfield code="a">Renfro herald.</subfield></datafield><datafield ind1=" " ind2=" " tag="260"><subfield code="a">Yadkinville, N.C. :</subfield><subfield code="b">Renfro Herald Pub. Co.</subfield></datafield><datafield ind1=" " ind2=" " tag="300"><subfield code="a">v.</subfield></datafield><datafield ind1=" " ind2=" " tag="310"><subfield code="a">Weekly</subfield></datafield><datafield ind1="1" ind2=" " tag="362"><subfield code="a">Ceased in 1952.</subfield></datafield><datafield ind1=" " ind2=" " tag="588"><subfield code="a">Description based on: Vol. 5, no. 46 (Jan. 19, 1944).</subfield></datafield><datafield ind1=" " ind2=" " tag="752"><subfield code="a">United States</subfield><subfield code="b">North Carolina</subfield><subfield code="c">Yadkin</subfield><subfield code="d">Yadkinville.</subfield></datafield><datafield ind1="0" ind2="0" tag="785"><subfield code="t">Yadkin herald</subfield><subfield code="w">(DLC)sn 99061529</subfield></datafield></record>